<record><leader>00000cas a22000007a 4500</leader><controlfield tag="001">16396462</controlfield><controlfield tag="008">870806d18uu18uumsuwr ne      0    0eng d</controlfield><datafield ind1=" " ind2=" " tag="010"><subfield code="a">sn 88067117 </subfield></datafield><datafield ind1=" " ind2=" " tag="040"><subfield code="a">MJA</subfield><subfield code="b">eng</subfield><subfield code="c">MJA</subfield><subfield code="d">MSJ</subfield><subfield code="d">OCLCQ</subfield></datafield><datafield ind1=" " ind2=" " tag="042"><subfield code="a">msc</subfield></datafield><datafield ind1="0" ind2=" " tag="130"><subfield code="a">East Mississippi times (Starkville, Miss. : 1885)</subfield></datafield><datafield ind1="1" ind2="0" tag="245"><subfield code="a">East Mississippi times.</subfield></datafield><datafield ind1=" " ind2=" " tag="260"><subfield code="a">Starkville, Miss. :</subfield><subfield code="b">Charles D. Carothers</subfield></datafield><datafield ind1=" " ind2=" " tag="310"><subfield code="a">Weekly</subfield></datafield><datafield ind1=" " ind2=" " tag="588"><subfield code="a">Description based on: Vol. 15, no. 51 (July 30, 1885).</subfield></datafield><datafield ind1=" " ind2=" " tag="752"><subfield code="a">United States</subfield><subfield code="b">Mississippi</subfield><subfield code="c">Oktibbeha</subfield><subfield code="d">Starkville.</subfield></datafield></record>